@article{
  TwitterDistantSupervision09,
  Author = {Alec Go, Richa Bhayani and Lei Huang},
  Title = {Twitter Sentiment Classification using Distant Supervision},
  Year = 2009
}

@inproceedings{
  PangAndLee,
  Author = {Bo Pang and Lillian Lee},
  Title = {Thumbs up? Sentiment Classification using Machine Learning Techniques},
  booktitle = "Proceedings of EMNLP 2002",
  pages = "79-86",
  Year = 2002
}

@book{
  PragProg,
  Author = {Andrew Hunt},
  Title = {Pragmatic Programmer},
  Publisher = {Addison-Wesley},
  Year = 1999
}

@inproceedings{
  Emoticons,
  Author = {Jonathon Read},
  Title = {Using emoticons to reduce dependency in machine learning techniques for sentiment classification.},
  Booktitle = {ACLstudent '05 Proceedings of the ACL Student Research Workshop},
  Year = 2005
}

@article{
  Crowdsourcing,
  Author = {Aniket Kittur, Ed H. Chi and Bongwon Suh},
  Title = {Crowdsourcing for Usability: Using Micro-Task Markets for Rapid, Remote, and Low-Cost User Measurements},
  Year = 2009
}

@inproceedings{
  GrossNationalHappiness,
  Author = {Adam D.I. Kramer},
  Title = {An Unobtrusive Behavioral Model of ``Gross National Happiness''},
  Booktitle = {CHI '10 Proceedings of the 28th international conference on Human factors in computing systems},
  Year = 2010
}

@misc{
  Retweets,
  Author = {Atebits LLC},
  Title = {``RT'' vs ``via''. Round 2.},
  howpublished = {\url{http://blog.atebits.com/2009/01/rt-vs-via-round-2/}}
}